@inproceedings{somasundara2004mobile,
  title={Mobile element scheduling for efficient data collection in wireless sensor networks with dynamic deadlines},
  author={Somasundara, Arun A and Ramamoorthy, Aditya and Srivastava, Mani B},
  booktitle={Real-Time Systems Symposium, 2004. Proceedings. 25th IEEE International},
  pages={296--305},
  year={2004},
  organization={IEEE}
}